<record><leader>00000cas a22000007a 4500</leader><controlfield tag="001">10568671</controlfield><controlfield tag="008">840328d19uu1999sduwr ne      0   a0eng d</controlfield><datafield ind1=" " ind2=" " tag="010"><subfield code="a">sn 84007772 </subfield></datafield><datafield ind1=" " ind2=" " tag="040"><subfield code="a">NSD</subfield><subfield code="b">eng</subfield><subfield code="c">NSD</subfield><subfield code="d">DLC</subfield><subfield code="d">SXN</subfield><subfield code="d">OCLCQ</subfield><subfield code="d">OCLCF</subfield><subfield code="d">OCLCO</subfield></datafield><datafield ind1=" " ind2=" " tag="012"><subfield code="m">1</subfield></datafield><datafield ind1="1" ind2=" " tag="022"><subfield code="a">0747-1386</subfield><subfield code="l">0747-1386</subfield><subfield code="2">1</subfield></datafield><datafield ind1="1" ind2=" " tag="029"><subfield code="a">AU@</subfield><subfield code="b">000020430643</subfield></datafield><datafield ind1=" " ind2=" " tag="032"><subfield code="a">133420</subfield><subfield code="b">USPS</subfield></datafield><datafield ind1=" " ind2=" " tag="037"><subfield code="b">Corson County News, McLaughlin, SD, 57642</subfield></datafield><datafield ind1=" " ind2=" " tag="042"><subfield code="a">nsdp</subfield></datafield><datafield ind1=" " ind2=" " tag="043"><subfield code="a">n-us-sd</subfield></datafield><datafield ind1=" " ind2="0" tag="222"><subfield code="a">Corson County news</subfield></datafield><datafield ind1="0" ind2="0" tag="245"><subfield code="a">Corson County news.</subfield></datafield><datafield ind1=" " ind2=" " tag="260"><subfield code="a">McIntosh, Corson County, S.D. :</subfield><subfield code="b">F.J. Scott</subfield></datafield><datafield ind1=" " ind2=" " tag="300"><subfield code="a">v.</subfield></datafield><datafield ind1=" " ind2=" " tag="310"><subfield code="a">Weekly</subfield></datafield><datafield ind1="0" ind2=" " tag="362"><subfield code="a">-v. 90, no. 10 (Nov. 25, 1999).</subfield></datafield><datafield ind1=" " ind2=" " tag="500"><subfield code="a">Published in: McIntosh, &lt;June 8, 1939&gt;-Mar. 1, 1984; and in: McLaughlin, Mar. 8, 1984-</subfield></datafield><datafield ind1=" " ind2=" " tag="515"><subfield code="a">Vol. numbering varies and is irregular.</subfield></datafield><datafield ind1=" " ind2=" " tag="530"><subfield code="a">Available on microfilm from: State Archives, South Dakota State Historical Society.</subfield></datafield><datafield ind1=" " ind2=" " tag="580"><subfield code="a">Merged with: McLaughlin messenger, to form; Corson/Sioux County messenger.</subfield></datafield><datafield ind1=" " ind2=" " tag="588"><subfield code="a">Description based on: Vol. 29, no. 31 (June 8, 1939).</subfield></datafield><datafield ind1="2" ind2="0" tag="610"><subfield code="a">Standing Rock Sioux Tribe.</subfield></datafield><datafield ind1=" " ind2="0" tag="651"><subfield code="a">McIntosh (S.D.)</subfield><subfield code="v">Newspapers.</subfield></datafield><datafield ind1=" " ind2="0" tag="651"><subfield code="a">Corson County (S.D.)</subfield><subfield code="v">Newspapers.</subfield></datafield><datafield ind1=" " ind2="7" tag="655"><subfield code="a">Newspapers.</subfield><subfield code="2">fast</subfield><subfield code="0">(OCoLC)fst01423814</subfield></datafield><datafield ind1="2" ind2="7" tag="610"><subfield code="a">Standing Rock Sioux Tribe of North &amp; South Dakota.</subfield><subfield code="2">fast</subfield><subfield code="0">(OCoLC)fst01713292</subfield></datafield><datafield ind1=" " ind2="7" tag="651"><subfield code="a">South Dakota</subfield><subfield code="z">Corson County.</subfield><subfield code="2">fast</subfield><subfield code="0">(OCoLC)fst01215890</subfield></datafield><datafield ind1=" " ind2="7" tag="651"><subfield code="a">South Dakota</subfield><subfield code="z">McIntosh.</subfield><subfield code="2">fast</subfield><subfield code="0">(OCoLC)fst01306163</subfield></datafield><datafield ind1=" " ind2=" " tag="752"><subfield code="a">United States</subfield><subfield code="b">South Dakota</subfield><subfield code="c">Corson</subfield><subfield code="d">McLaughlin.</subfield></datafield><datafield ind1=" " ind2=" " tag="752"><subfield code="a">United States</subfield><subfield code="b">South Dakota</subfield><subfield code="c">Corson</subfield><subfield code="d">McIntosh.</subfield></datafield><datafield ind1="1" ind2="7" tag="785"><subfield code="t">McLaughlin messenger</subfield><subfield code="w">(DLC)sn 95076612</subfield></datafield><datafield ind1="1" ind2="7" tag="785"><subfield code="t">Corson/Sioux County messenger</subfield><subfield code="w">(DLC)sn2001063607</subfield></datafield><datafield ind1=" " ind2=" " tag="936"><subfield code="a">Mar. 8, 1984</subfield></datafield></record>